@inproceedings{WladdimiroNCA,
  author    = {Daniel Wladdimiro and
               Luciana Arantes and
               Pierre Sens and
               Nicolas Hidalgo},
  title     = {A Multi-Metric Adaptive Stream Processing System},
  booktitle = {{NCA}},
  pages     = {1--8},
  publisher = {{IEEE}},
  year      = {2021}
}

@inproceedings{WladdimiroComPAS2022,
  author    = {Daniel Wladdimiro and
               Luciana Arantes and
               Pierre Sens and
               Nicolas Hidalgo},
  title     = {A predictive model for Stream Processing System that dynamically calibrates the number of operator replicas},
  booktitle = {{ComPAS}},
  pages     = {1--8},
  year      = {2022}
}

@inproceedings{WladdimiroSBAC,
  author    = {Daniel Wladdimiro and
               Luciana Arantes and
               Pierre Sens and
               Nicolas Hidalgo},
  title     = {A predictive approach for dynamic replication of operators in distributed stream processing systems},
  booktitle = {{SBAC-PAD}},
  publisher = {{IEEE}},
  year      = {2022}
}

@inproceedings{WladdimiroComPAS2023,
  author    = {Daniel Wladdimiro and
               Luciana Arantes and
               Pierre Sens and
               Nicolas Hidalgo},
  title     = {PRESPS: a PREdictive model to determine the number of replicas of the operators in Stream Processing Systems},
  booktitle = {{ComPAS}},
  pages     = {1--9},
  year      = {2023}
}



@article{WladdimiroJPDC,
  author       = {Daniel Wladdimiro and
               Luciana Arantes and
               Pierre Sens and
               Nicolas Hidalgo},
  title        = {PA-SPS: A Predictive Adaptive Approach for an Elastic Stream Processing System},
  journal      = {J. Parallel Distributed Comput.},
  year         = {2023}
}



@book{montgomery2021introduction,
  title={Introduction to linear regression analysis},
  author={Montgomery, Douglas C and Peck, Elizabeth A and Vining, G Geoffrey},
  year={2021},
  publisher={John Wiley \& Sons}
}

@article{riedmiller2014multi,
  title={Multi layer perceptron},
  author={Riedmiller, Martin and Lernen, A},
  journal={Machine Learning Lab Special Lecture, University of Freiburg},
  pages={7--24},
  year={2014}
}

@article{rigatti2017random,
  title={Random forest},
  author={Rigatti, Steven J},
  journal={Journal of Insurance Medicine},
  volume={47},
  number={1},
  pages={31--39},
  year={2017},
  publisher={American Academy of Insurance Medicine 1700 Magnavox Way, Fort Wayne, IN 46804}
}

@article{PedregosaVGMTGBPWDVPCBPD11,
  author       = {Fabian Pedregosa and
                  Ga{\"{e}}l Varoquaux and
                  Alexandre Gramfort and
                  Vincent Michel and
                  Bertrand Thirion and
                  Olivier Grisel and
                  Mathieu Blondel and
                  Peter Prettenhofer and
                  Ron Weiss and
                  Vincent Dubourg and
                  Jake VanderPlas and
                  Alexandre Passos and
                  David Cournapeau and
                  Matthieu Brucher and
                  Matthieu Perrot and
                  Edouard Duchesnay},
  title        = {Scikit-learn: Machine Learning in Python},
  journal      = {J. Mach. Learn. Res.},
  volume       = {12},
  pages        = {2825--2830},
  year         = {2011}
}


@article{StonebrakerCZ05,
  author    = {Michael Stonebraker and
               Ugur {\c{C}}etintemel and
               Stanley B. Zdonik},
  title     = {The 8 requirements of real-time stream processing},
  journal   = {{SIGMOD} Rec.},
  volume    = {34},
  number    = {4},
  pages     = {42--47},
  year      = {2005}
}

@inproceedings{HasaniF18,
  author    = {Zirije Hasani and
               Jakup Fondaj},
  title     = {Improvement of Implemented Infrastructure for Streaming Outlier Detection
               in Big Data with {ELK} Stack},
  booktitle = {WorldCIST {(2)}},
  series    = {Advances in Intelligent Systems and Computing},
  volume    = {746},
  pages     = {869--877},
  publisher = {Springer},
  year      = {2018}
}


@article{AkidauBBCHLMMNW13,
  author    = {Tyler Akidau and
               Alex Balikov and
               Kaya Bekiroglu and
               Slava Chernyak and
               Josh Haberman and
               Reuven Lax and
               Sam McVeety and
               Daniel Mills and
               Paul Nordstrom and
               Sam Whittle},
  title     = {MillWheel: Fault-Tolerant Stream Processing at Internet Scale},
  journal   = {Proc. {VLDB} Endow.},
  volume    = {6},
  number    = {11},
  pages     = {1033--1044},
  year      = {2013}
}





@article{noghabi2017samza,
  title={Samza: stateful scalable stream processing at LinkedIn},
  author={Noghabi, Shadi A and Paramasivam, Kartik and Pan, Yi and Ramesh, Navina and Bringhurst, Jon and Gupta, Indranil and Campbell, Roy H},
  journal={Proceedings of the VLDB Endowment},
  volume={10},
  number={12},
  pages={1634--1645},
  year={2017},
  publisher={VLDB Endowment}
}


@inproceedings{HuntKJR10,
  author    = {Patrick Hunt and
               Mahadev Konar and
               Flavio Paiva Junqueira and
               Benjamin Reed},
  title     = {ZooKeeper: Wait-free Coordination for Internet-scale Systems},
  booktitle = {{USENIX} Annual Technical Conference},
  publisher = {{USENIX} Association},
  year      = {2010}
}

@book{kelly2014elasticity,
  author    = {Kelly Goetsch},
  title     = {eCommerce in the Cloud - Bringing Elasticity to eCommerce},
  publisher = {O'Reilly},
  year      = {2014}
}

@inproceedings{CervinoKSP12,
  author    = {Javier Cervino and
               Evangelia Kalyvianaki and
               Joaquin Salvachua and
               Peter R. Pietzuch},
  title     = {Adaptive Provisioning of Stream Processing Systems in the Cloud},
  booktitle = {{ICDE} Workshops},
  pages     = {295--301},
  publisher = {{IEEE} Computer Society},
  year      = {2012}
}

@book{andrade2014fundamentals,
  title={Fundamentals of {S}tream {P}rocessing: {A}pplication {D}esign, {S}ystems, and {A}nalytics},
  author={Henrique Andrade and Bu{\u{g}}ra Gedik and Deepak Turaga},
  year={2014},
  publisher={Cambridge University Press}
}

@inproceedings{KombiLL17,
  author    = {Roland Kotto Kombi and
               Nicolas Lumineau and
               Philippe Lamarre},
  title     = {A Preventive Auto-Parallelization Approach for Elastic Stream Processing},
  booktitle = {{ICDCS}},
  pages     = {1532--1542},
  publisher = {{IEEE} Computer Society},
  year      = {2017}
}


@inproceedings{NasirMGKS15,
  author    = {Muhammad Anis Uddin Nasir and
               Gianmarco De Francisci Morales and
               David Garcia{-}Soriano and
               Nicolas Kourtellis and
               Marco Serafini},
  title     = {The power of both choices: Practical load balancing for distributed
               stream processing engines},
  booktitle = {{ICDE}},
  pages     = {137--148},
  publisher = {{IEEE} Computer Society},
  year      = {2015}
}


@inproceedings{WangFMWZ19,
  author    = {Li Wang and
               Tom Z. J. Fu and
               Richard T. B. Ma and
               Marianne Winslett and
               Zhenjie Zhang},
  title     = {Elasticutor: Rapid Elasticity for Realtime Stateful Stream Processing},
  booktitle = {{SIGMOD} Conference},
  pages     = {573--588},
  publisher = {{ACM}},
  year      = {2019}
}


@inproceedings{ShahHCF03,
  author    = {Mehul A. Shah and
               Joseph M. Hellerstein and
               Sirish Chandrasekaran and
               Michael J. Franklin},
  title     = {Flux: An Adaptive Partitioning Operator for Continuous Query Systems},
  booktitle = {{ICDE}},
  pages     = {25--36},
  publisher = {{IEEE} Computer Society},
  year      = {2003}
}



@book{Leibiusky0030281,
  author    = {Jonathan Leibiusky and
               Gabriel Eisbruch and
               Dario Simonassi},
  title     = {Getting Started with Storm - Continuous Streaming Computation with
               Twitter's Cluster Technology},
  publisher = {O'Reilly},
  year      = {2012}
}



@inproceedings{Cardellini0L16,
  author    = {Valeria Cardellini and
               Matteo Nardelli and
               Dario Luzi},
  title     = {Elastic stateful stream processing in storm},
  booktitle = {{HPCS}},
  pages     = {583--590},
  publisher = {{IEEE}},
  year      = {2016}
}

@book{ChakravarthyJ09,
  author    = {Sharma Chakravarthy and
               Qingchun Jiang},
  title     = {Stream Data Processing: {A} Quality of Service Perspective - Modeling,
               Scheduling, Load Shedding, and Complex Event Processing},
  series    = {Advances in Database Systems},
  volume    = {36},
  publisher = {Kluwer},
  year      = {2009}
}


@article{TangG13,
  author    = {Yuzhe Tang and
               Bugra Gedik},
  title     = {Autopipelining for Data Stream Processing},
  journal   = {{IEEE} Trans. Parallel Distributed Syst.},
  volume    = {24},
  number    = {12},
  pages     = {2344--2354},
  year      = {2013}
}



@inproceedings{KoliousisWFWCP16,
  author    = {Alexandros Koliousis and
               Matthias Weidlich and
               Raul Castro Fernandez and
               Alexander L. Wolf and
               Paolo Costa and
               Peter R. Pietzuch},
  title     = {{SABER:} Window-Based Hybrid Stream Processing for Heterogeneous Architectures},
  booktitle = {{SIGMOD} Conference},
  pages     = {555--569},
  publisher = {{ACM}},
  year      = {2016}
}

@article{HummerSD13,
  author    = {Waldemar Hummer and
               Benjamin Satzger and
               Schahram Dustdar},
  title     = {Elastic stream processing in the Cloud},
  journal   = {Wiley Interdiscip. Rev. Data Min. Knowl. Discov.},
  volume    = {3},
  number    = {5},
  pages     = {333--345},
  year      = {2013}
}


@article{SerranoGH15,
  author    = {Nicol{\'{a}}s Serrano and
               Gorka Gallardo and
               Josune Hernantes},
  title     = {Infrastructure as a Service and Cloud Technologies},
  journal   = {{IEEE} Softw.},
  volume    = {32},
  number    = {2},
  pages     = {30--36},
  year      = {2015}
}


@inproceedings{GulisanoJPV10,
  author    = {Vincenzo Gulisano and
               Ricardo Jim{\'{e}}nez{-}Peris and
               Marta Pati{\~{n}}o{-}Martinez and
               Patrick Valduriez},
  title     = {StreamCloud: {A} Large Scale Data Streaming System},
  booktitle = {{ICDCS}},
  pages     = {126--137},
  publisher = {{IEEE} Computer Society},
  year      = {2010}
}



@article{GulisanoJPSV12,
  author       = {Vincenzo Gulisano and
                  Ricardo Jim{\'{e}}nez{-}Peris and
                  Marta Pati{\~{n}}o{-}Mart{\'{\i}}nez and
                  Claudio Soriente and
                  Patrick Valduriez},
  title        = {StreamCloud: An Elastic and Scalable Data Streaming System},
  journal      = {{IEEE} Trans. Parallel Distributed Syst.},
  volume       = {23},
  number       = {12},
  pages        = {2351--2365},
  year         = {2012}
}




@inproceedings{WuT15,
  author    = {Yingjun Wu and
               Kian{-}Lee Tan},
  title     = {ChronoStream: Elastic stateful stream computation in the cloud},
  booktitle = {{ICDE}},
  pages     = {723--734},
  publisher = {{IEEE} Computer Society},
  year      = {2015}
}



@article{Nasiri200110308,
  author    = {Hamid Nasiri and
               Saeed Nasehi and
               Arman Divband and
               Maziar Goudarzi},
  title     = {A Scheduling Algorithm to Maximize Storm Throughput in Heterogeneous
               Cluster},
  journal   = {CoRR},
  volume    = {abs/2001.10308},
  year      = {2020}
}



@inproceedings{SchneiderAGBW09,
  author    = {Scott Schneider and
               Henrique Andrade and
               Bugra Gedik and
               Alain Biem and
               Kun{-}Lung Wu},
  title     = {Elastic scaling of data parallel operators in stream processing},
  booktitle = {{IPDPS}},
  pages     = {1--12},
  publisher = {{IEEE}},
  year      = {2009}
}



@article{LiuWWAZW19,
  author    = {Shengchao Liu and
               Jianping Weng and
               Jessie Hui Wang and
               Changqing An and
               Yipeng Zhou and
               Jilong Wang},
  title     = {An Adaptive Online Scheme for Scheduling and Resource Enforcement
               in Storm},
  journal   = {{IEEE/ACM} Trans. Netw.},
  volume    = {27},
  number    = {4},
  pages     = {1373--1386},
  year      = {2019}
}

@article{bisong2019overview,
  title={An Overview of Google Cloud Platform Services},
  author={Bisong, Ekaba},
  journal={Building Machine Learning and Deep Learning Models on Google Cloud Platform},
  pages={7--10},
  year={2019},
  publisher={Springer}
}

@article{cloud2011amazon,
  title={Amazon web services},
  author={Cloud, Amazon Elastic Compute},
  journal={Retrieved November},
  volume={9},
  number={2011},
  pages={2011},
  year={2011}
}

@article{copeland2015microsoft,
  title={Microsoft Azure},
  author={Copeland, Marshall and Soh, Julian and Puca, Anthony and Manning, Mike and Gollob, David},
  journal={Apress: New York, NY, USA},
  year={2015},
  publisher={Springer}
}

@misc{pakin2020comprehensive,
  title={The comprehensive LaTeX symbol list},
  author={Pakin, Scott},
  year={2020},
  url={http://tug.ctan.org/info/symbols/comprehensive/symbols-a4.pdf}
}

@book{kleppmann2016making,
  title={Making Sense of Stream Processing},
  author={Kleppmann, Martin},
  year={2016},
  publisher={O'Reilly Media, Incorporated}
}

@article{stonebraker20058,
  title={The 8 requirements of real-time stream processing},
  author={Stonebraker, Michael and {\c{C}}etintemel, Uǧur and Zdonik, Stan},
  journal={ACM Sigmod Record},
  volume={34},
  number={4},
  pages={42--47},
  year={2005},
  publisher={ACM}
}

@article{zeebaree2015effects,
  title={Effects of Processes Forcing on CPU and Total Execution-Time Using Multiprocessor Shared Memory System},
  author={Zeebaree, SR and Jacksi, Karwan},
  journal={Int. J. Comput. Eng. Res. Trends},
  volume={2},
  number={4},
  pages={275--279},
  year={2015}
}

@article{computing2006architectural,
  title={An architectural blueprint for autonomic computing},
  author={Computing, Autonomic and others},
  journal={IBM White Paper},
  volume={31},
  number={2006},
  pages={1--6},
  year={2006},
  publisher={Citeseer}
}

@inproceedings{RivettiQABS15,
  author    = {Nicolo Rivetti and
               Leonardo Querzoni and
               Emmanuelle Anceaume and
               Yann Busnel and
               Bruno Sericola},
  editor    = {Frank Eliassen and
               Roman Vitenberg},
  title     = {Efficient key grouping for near-optimal load balancing in stream processing
               systems},
  booktitle = {Proceedings of the 9th {ACM} International Conference on Distributed
               Event-Based Systems, {DEBS} '15, Oslo, Norway, June 29 - July 3, 2015},
  pages     = {80--91},
  publisher = {{ACM}},
  year      = {2015}
}



@inproceedings{AnantharamTS12,
  author    = {Pramod Anantharam and
               Krishnaprasad Thirunarayan and
               Amit P. Sheth},
  title     = {Topical anomaly detection from Twitter stream},
  booktitle = {WebSci},
  pages     = {11--14},
  publisher = {{ACM}},
  year      = {2012}
}



@book{Aggarwal2006,
 author = {Aggarwal, Charu C.},
 title = {Data Streams: Models and Algorithms (Advances in Database Systems)},
 year = {2006},
 isbn = {0387287590},
 publisher = {Springer-Verlag},
 address = {Berlin, Heidelberg}
} 

@inbook{Bisong2019,
    author="Bisong, Ekaba",
    title="Google Cloud Dataflow",
    bookTitle="Building Machine Learning and Deep Learning Models on Google Cloud Platform: A Comprehensive Guide for Beginners",
    year="2019",
    publisher="Apress",
    address="Berkeley, CA",
    pages="537--543"
}

@inproceedings{EvermannRF16,
  author    = {Joerg Evermann and
               Jana{-}Rebecca Rehse and
               Peter Fettke},
  title     = {Process Discovery from Event Stream Data in the Cloud - {A} Scalable,
               Distributed Implementation of the Flexible Heuristics Miner on the
               Amazon Kinesis Cloud Infrastructure},
  booktitle = {2016 {IEEE} International Conference on Cloud Computing Technology
               and Science, CloudCom 2016, Luxembourg, December 12-15, 2016},
  pages     = {645--652},
  publisher = {{IEEE} Computer Society},
  year      = {2016},
  url       = {https://doi.org/10.1109/CloudCom.2016.0111},
  doi       = {10.1109/CloudCom.2016.0111},
  timestamp = {Wed, 16 Oct 2019 14:14:56 +0200},
  biburl    = {https://dblp.org/rec/conf/cloudcom/EvermannRF16.bib},
  bibsource = {dblp computer science bibliography, https://dblp.org}
}

@incollection{klein2017azure,
  title={Azure Stream Analytics},
  author={Klein, Scott},
  booktitle={IoT Solutions in Microsoft's Azure IoT Suite},
  pages={71--84},
  year={2017},
  publisher={Springer}
}


@inproceedings{QiR21,
  author    = {Tianyu Qi and
               Maria Rodriguez},
  title     = {A Traffic and Resource Aware Online Storm Scheduler},
  booktitle = {{ACSW}},
  pages     = {8:1--8:10},
  publisher = {{ACM}},
  year      = {2021}
}



@inproceedings{XuCTS14,
  author    = {Jielong Xu and
               Zhenhua Chen and
               Jian Tang and
               Sen Su},
  title     = {T-Storm: Traffic-Aware Online Scheduling in Storm},
  pages     = {535--544},
  publisher = {{IEEE} Computer Society},
  year      = {2014}
}



@article{CardelliniPNR18,
  author    = {Valeria Cardellini and
               Francesco Lo Presti and
               Matteo Nardelli and
               Gabriele Russo Russo},
  title     = {Decentralized self-adaptation for elastic Data Stream Processing},
  journal   = {Future Gener. Comput. Syst.},
  volume    = {87},
  pages     = {171--185},
  year      = {2018}
}



@inproceedings{KulkarniBFKKMPR15,
  author    = {Sanjeev Kulkarni and
               Nikunj Bhagat and
               Maosong Fu and
               Vikas Kedigehalli and
               Christopher Kellogg and
               Sailesh Mittal and
               Jignesh M. Patel and
               Karthik Ramasamy and
               Siddarth Taneja},
  editor    = {Timos K. Sellis and
               Susan B. Davidson and
               Zachary G. Ives},
  title     = {Twitter Heron: Stream Processing at Scale},
  booktitle = {Proceedings of the 2015 {ACM} {SIGMOD} International Conference on
               Management of Data, Melbourne, Victoria, Australia, May 31 - June
               4, 2015},
  pages     = {239--250},
  publisher = {{ACM}},
  year      = {2015}
}



@article{HirzelSSGG13,
  author    = {Martin Hirzel and
               Robert Soul{\'{e}} and
               Scott Schneider and
               Bugra Gedik and
               Robert Grimm},
  title     = {A catalog of stream processing optimizations},
  journal   = {{ACM} Comput. Surv.},
  volume    = {46},
  number    = {4},
  pages     = {46:1--46:34},
  year      = {2013}
}

@inproceedings{vanelloPAJ18,
  author    = {Valerio Vianello and
               Marta Pati{\~{n}}o{-}Mart{\'{i}}nez and
               Ainhoa Azqueta{-}Alz{\'{u}}az and
               Ricardo Jim{\'{e}}nez{-}Peris},
  title     = {Cost of Fault-Tolerance on Data Stream Processing},
  booktitle = {Euro-Par 2018: Parallel Processing Workshops - Euro-Par 2018 International
               Workshops, Turin, Italy, August 27-28, 2018, Revised Selected Papers},
  pages     = {17--27},
  year      = {2018}
}

@inproceedings{HwangBRCSZ05,
  author    = {Jeong{-}Hyon Hwang and
               Magdalena Balazinska and
               Alex Rasin and
               Ugur {\c{C}}etintemel and
               Michael Stonebraker and
               Stanley B. Zdonik},
  title     = {High-Availability Algorithms for Distributed Stream Processing},
  booktitle = {Proceedings of the 21st International Conference on Data Engineering,
               {ICDE} 2005, 5-8 April 2005, Tokyo, Japan},
  pages     = {779--790},
  year      = {2005}
}

@inproceedings{XingZH05,
  author    = {Ying Xing and
               Stanley B. Zdonik and
               Jeong{-}Hyon Hwang},
  title     = {Dynamic Load Distribution in the Borealis Stream Processor},
  booktitle = {Proceedings of the 21st International Conference on Data Engineering,
               {ICDE} 2005, 5-8 April 2005, Tokyo, Japan},
  pages     = {791--802},
  year      = {2005}
}



@article{LiZL17,
  author    = {Chunlin Li and
               Jing Zhang and
               Youlong Luo},
  title     = {Real-time scheduling based on optimized topology and communication
               traffic in distributed real-time computation platform of storm},
  journal   = {J. Network and Computer Applications},
  volume    = {87},
  pages     = {100--115},
  year      = {2017}
}

@inproceedings{FernandezMKP13,
  author    = {Raul Castro Fernandez and
               Matteo Migliavacca and
               Evangelia Kalyvianaki and
               Peter R. Pietzuch},
  title     = {Integrating scale out and fault tolerance in stream processing using
               operator state management},
  booktitle = {Proceedings of the {ACM} {SIGMOD} International Conference on Management
               of Data, {SIGMOD} 2013, New York, NY, USA, June 22-27, 2013},
  pages     = {725--736},
  year      = {2013}
}

@Misc{benchmark2015slide,
    author = {{Grace Huang}},
    title = {Towards Benchmaking Modern Distruibuted Streaming Systems},
    howpublished = {\textsc{url:}~\url{https://www.slideshare.net/SparkSummit/grace-huang-49762421}},
    month = {6},
    year = {2015}
}

@inproceedings{NeumeyerRNK10,
  author    = {Leonardo Neumeyer and
               Bruce Robbins and
               Anish Nair and
               Anand Kesari},
  title     = {{S4:} Distributed Stream Computing Platform},
  booktitle = {{ICDMW} 2010, The 10th {IEEE} International Conference on Data Mining
               Workshops, Sydney, Australia, 13 December 2010},
  pages     = {170--177},
  year      = {2010}
}

@incollection{reagan2018redis,
  title={Redis Cache},
  author={Reagan, Rob},
  booktitle={Web Applications on Azure},
  pages={257--300},
  year={2018},
  publisher={Springer}
}



@article{KephartC03,
  author    = {Jeffrey O. Kephart and
               David M. Chess},
  title     = {The Vision of Autonomic Computing},
  journal   = {{IEEE} Computer},
  volume    = {36},
  number    = {1},
  pages     = {41--50},
  year      = {2003}
}

@article{Liu2018Resource,
  title={Resource Management and Scheduling in Distributed Stream Processing Systems: A Taxonomy, Review and Future Directions},
  author={Liu, Xunyun and Buyya, Rajkumar},
  journal={ACM Computing Surveys},
  volume={1},
  number={1},
  year={2018}
}

@book{Furht2010Handbook,
  title={Handbook of Cloud Computing},
  author={Furht, Borivoje and Escalante, Armando},
  volume={3},
  year={2010},
  publisher={Springer}
}

@article{ValGFA17,
  author    = {Pablo Basanta{-}Val and
               Norberto Fern{\'{a}}ndez Garc{\'{i}}a and
               Luis S{\'{a}}nchez Fern{\'{a}}ndez and
               Jes{\'{u}}s Arias{-}Fisteus},
  title     = {Patterns for Distributed Real-Time Stream Processing},
  journal   = {{IEEE} Trans. Parallel Distrib. Syst.},
  volume    = {28},
  number    = {11},
  pages     = {3243--3257},
  year      = {2017}
}

@article{MatteisM17,
  author    = {Tiziano De Matteis and
               Gabriele Mencagli},
  title     = {Proactive elasticity and energy awareness in data stream processing},
  journal   = {J. Syst. Softw.},
  volume    = {127},
  pages     = {302--319},
  year      = {2017}
}

@inproceedings{HoseinyFarahabady17,
  author    = {MohammadReza HoseinyFarahabady and
               Albert Y. Zomaya and
               Zahir Tari},
  title     = {QoS- and Contention- Aware Resource Provisioning in a Stream Processing
               Engine},
  booktitle = {2017 {IEEE} International Conference on Cluster Computing, {CLUSTER} 2017, Honolulu, HI, USA, September 5-8, 2017},
  pages     = {137--146},
  year      = {2017}
}

@inproceedings{ImaiPV17,
  author    = {Shigeru Imai and
               Stacy Patterson and
               Carlos A. Varela},
  title     = {Maximum Sustainable Throughput Prediction for Data Stream Processing
               over Public Clouds},
  booktitle = {Proceedings of the 17th {IEEE/ACM} International Symposium on Cluster,
               Cloud and Grid Computing, {CCGRID} 2017, Madrid, Spain, May 14-17,
               2017},
  pages     = {504--513},
  year      = {2017}
}

@inproceedings{Khoshkbarforoushha15,
  author    = {Alireza Khoshkbarforoushha and
               Rajiv Ranjan and
               Peter Strazdins},
  title     = {Resource Distribution Estimation for Data-Intensive Workloads: Give
               Me My Share {\&} No One Gets Hurt!},
  booktitle = {Advances in Service-Oriented and Cloud Computing - Workshops of {ESOCC} 2015, Taormina, Italy, September 15-17, 2015, Revised Selected Papers},
  pages     = {228--237},
  year      = {2015}
}

@inproceedings{WangMGWY16,
  author    = {Chunkai Wang and
               Xiaofeng Meng and
               Qi Guo and
               Zujian Weng and
               Chen Yang},
  title     = {OrientStream: {A} Framework for Dynamic Resource Allocation in Distributed
               Data Stream Management Systems},
  booktitle = {Proceedings of the 25th {ACM} International Conference on Information
               and Knowledge Management, {CIKM} 2016, Indianapolis, IN, USA, October
               24-28, 2016},
  pages     = {2281--2286},
  year      = {2016}
}

@inproceedings{ThamsenRK16,
  author    = {Lauritz Thamsen and
               Thomas Renner and
               Odej Kao},
  title     = {Continuously Improving the Resource Utilization of Iterative Parallel
               Dataflows},
  booktitle = {36th {IEEE} International Conference on Distributed Computing Systems
               Workshops, {ICDCS} Workshops, Nara, Japan, June 27-30, 2016},
  pages     = {1--6},
  year      = {2016}
}

@inproceedings{FarahabadySWZT16,
  author    = {Mohammad Reza Hoseiny Farahabady and
               Hamid R. Dehghani Samani and
               Yidan Wang and
               Albert Y. Zomaya and
               Zahir Tari},
  title     = {A QoS-aware controller for Apache Storm},
  booktitle = {15th {IEEE} International Symposium on Network Computing and Applications,
               {NCA} 2016, Cambridge, Boston, MA, USA, October 31 - November 2, 2016},
  pages     = {334--342},
  year      = {2016}
}

@article{ShuklaS18,
  author    = {Anshu Shukla and
               Yogesh Simmhan},
  title     = {Model-driven scheduling for distributed stream processing systems},
  journal   = {J. Parallel Distributed Comput.},
  volume    = {117},
  pages     = {98--114},
  year      = {2018}
}

@article{BuddhikaSLEP17,
  author    = {Thilina Buddhika and
               Ryan Stern and
               Kira Lindburg and
               Kathleen Ericson and
               Shrideep Pallickara},
  title     = {Online Scheduling and Interference Alleviation for Low-Latency, High-Throughput
               Processing of Data Streams},
  journal   = {{IEEE} Trans. Parallel Distrib. Syst.},
  volume    = {28},
  number    = {12},
  pages     = {3553--3569},
  year      = {2017}
}

@article{LiTX16,
  author    = {Teng Li and
               Jian Tang and
               Jielong Xu},
  title     = {Performance Modeling and Predictive Scheduling for Distributed Stream
               Data Processing},
  journal   = {{IEEE} Trans. Big Data},
  volume    = {2},
  number    = {4},
  pages     = {353--364},
  year      = {2016}
}

@article{SunH16,
  author    = {Dawei Sun and
               Rui Huang},
  title     = {A Stable Online Scheduling Strategy for Real-Time Stream Computing
               Over Fluctuating Big Data Streams},
  journal   = {{IEEE} Access},
  volume    = {4},
  pages     = {8593--8607},
  year      = {2016}
}

@inproceedings{LohrmannJK15,
  author    = {Bj{\"{o}}rn Lohrmann and
               Peter Janacik and
               Odej Kao},
  title     = {Elastic Stream Processing with Latency Guarantees},
  booktitle = {35th {IEEE} International Conference on Distributed Computing Systems,
               {ICDCS} 2015, Columbus, OH, USA, June 29 - July 2, 2015},
  pages     = {399--410},
  year      = {2015}
}

@inproceedings{HeinzeR0JJF15,
  author    = {Thomas Heinze and
               Lars Roediger and
               Andreas Meister and
               Yuanzhen Ji and
               Zbigniew Jerzak and
               Christof Fetzer},
  title     = {Online parameter optimization for elastic data stream processing},
  booktitle = {Proceedings of the Sixth {ACM} Symposium on Cloud Computing, SoCC
               2015, Kohala Coast, Hawaii, USA, August 27-29, 2015},
  pages     = {276--287},
  year      = {2015}
}

@article{LombardiABQ18,
  author    = {Federico Lombardi and
               Leonardo Aniello and
               Silvia Bonomi and
               Leonardo Querzoni},
  title     = {Elastic Symbiotic Scaling of Operators and Resources in Stream Processing Systems},
  journal   = {{IEEE} Trans. Parallel Distrib. Syst.},
  volume    = {29},
  number    = {3},
  pages     = {572--585},
  year      = {2018}
}

@inproceedings{XuPG16,
  author    = {Le Xu and
               Boyang Peng and
               Indranil Gupta},
  title     = {Stela: Enabling Stream Processing Systems to Scale-in and Scale-out
               On-demand},
  booktitle = {2016 {IEEE} International Conference on Cloud Engineering, {IC2E} 2016, Berlin, Germany, April 4-8, 2016},
  pages     = {22--31},
  year      = {2016}
}

@article{GedikSHW14,
  author    = {Bugra Gedik and
               Scott Schneider and
               Martin Hirzel and
               Kun{-}Lung Wu},
  title     = {Elastic Scaling for Data Stream Processing},
  journal   = {{IEEE} Trans. Parallel Distrib. Syst.},
  volume    = {25},
  number    = {6},
  pages     = {1447--1463},
  year      = {2014}
}

@article{AssuncaoVB18,
  author    = {Marcos Dias de Assun{\c{c}}{\~{a}}o and
               Alexandre Da Silva Veith and
               Rajkumar Buyya},
  title     = {Distributed data stream processing and edge computing: {A} survey
               on resource elasticity and future directions},
  journal   = {J. Netw. Comput. Appl.},
  volume    = {103},
  pages     = {1--17},
  year      = {2018}
}

@inproceedings{Dixit2018,
  title={Survey of Apache Storm Scheduler},
  author={Dixit, Avantika and Choudhary, Jaytrilok and Singh, DP},
  booktitle={Proceedings of 3rd International Conference on Internet of Things and Connected Technologies (ICIoTCT)},
  pages={26--27},
  year={2018}
}

@inproceedings{KhandekarHPRWWAG09,
  author    = {Rohit Khandekar and
               Kirsten Hildrum and
               Sujay Parekh and
               Deepak Rajan and
               Joel L. Wolf and
               Kun{-}Lung Wu and
               Henrique Andrade and
               Bugra Gedik},
  title     = {{COLA:} Optimizing Stream Processing Applications via Graph Partitioning},
  booktitle = {Middleware 2009, ACM/IFIP/USENIX, 10th International Middleware Conference,
               Urbana, IL, USA, November 30 - December 4, 2009. Proceedings},
  pages     = {308--327},
  year      = {2009}
}

@inproceedings{PollnerSM15,
  author    = {Niko Pollner and
               Christian Steudtner and
               Klaus Meyer{-}Wegener},
  title     = {Operator fission for load balancing in distributed heterogeneous data
               stream processing systems},
  booktitle = {Proceedings of the 9th {ACM} International Conference on Distributed
               Event-Based Systems, {DEBS} '15, Oslo, Norway, June 29 - July 3, 2015},
  pages     = {332--335},
  year      = {2015}
}

@article{chhikara2012analyzing,
  title={Analyzing the complexity of Java programs using object-oriented software metrics},
  author={Chhikara, Arti and Chhillar, RS},
  journal={International Journal of Computer Science Issues (IJCSI)},
  volume={9},
  number={1},
  pages={364},
  year={2012},
  publisher={Citeseer}
}

@inproceedings{RivettiABQS16,
  author    = {Nicolo Rivetti and
               Emmanuelle Anceaume and
               Yann Busnel and
               Leonardo Querzoni and
               Bruno Sericola},
  title     = {Online Scheduling for Shuffle Grouping in Distributed Stream Processing
               Systems},
  booktitle = {Middleware},
  pages     = {11},
  publisher = {{ACM}},
  year      = {2016}
}

@inproceedings{ZacheilasZPKG16,
  author    = {Nikos Zacheilas and
               Nikolas Zygouras and
               Nikolaos Panagiotou and
               Vana Kalogeraki and
               Dimitrios Gunopulos},
  title     = {Dynamic Load Balancing Techniques for Distributed Complex Event Processing
               Systems},
  booktitle = {{DAIS}},
  series    = {Lecture Notes in Computer Science},
  volume    = {9687},
  pages     = {174--188},
  publisher = {Springer},
  year      = {2016}
}

@article{Marangozova,
  author    = {Vania Marangozova{-}Martin and
               No{\"{e}}l De Palma and
               Ahmed El{-}Rheddane},
  title     = {Multi-Level Elasticity for Data Stream Processing},
  journal   = {{IEEE} Trans. Parallel Distributed Syst.},
  volume    = {30},
  number    = {10},
  pages     = {2326--2337},
  year      = {2019}
}

@inproceedings {Pinchao,
author = {Pinchao Liu and Dilma Da Silva and Liting Hu},
title = {{DART}: A Scalable and Adaptive Edge Stream Processing Engine},
booktitle = {2021 {USENIX} Annual Technical Conference ({USENIX} {ATC} 21)},
year = {2021},
isbn = {978-1-939133-23-6},
pages = {239--252},
publisher = {{USENIX} Association},
month = jul,
}

@inproceedings{arkian2021model,
author    = {HamidReza Arkian and
               Guillaume Pierre and
               Johan Tordsson and
               Erik Elmroth},
  title={Model-based Stream Processing Auto-scaling in Geo-Distributed Environments},
  booktitle={30th Inter. Conference on Computer Communications and Networks},
  year={2021},
}

@inproceedings{arkian2020model,
author    = {HamidReza Arkian and
               Guillaume Pierre and
               Johan Tordsson and
               Erik Elmroth},
title = {An Experiment-Driven Performance Model of Stream Processing Operators in Fog Computing Environments},
year = {2020},
publisher = {Association for Computing Machinery},
address = {New York, NY, USA},
booktitle = {Proceedings of the 35th Annual ACM Symposium on Applied Computing},
pages = {1763–1771},
numpages = {9},
location = {Brno, Czech Republic},
series = {SAC '20}
}

@article{IsahAMAZK19,
  author    = {Haruna Isah and
               Tariq Abughofa and
               Sazia Mahfuz and
               Dharmitha Ajerla and
               Farhana H. Zulkernine and
               Shahzad Khan},
  title     = {A Survey of Distributed Data Stream Processing Frameworks},
  journal   = {{IEEE} Access},
  volume    = {7},
  pages     = {154300--154316},
  year      = {2019}
}



@inproceedings{WladdimiroA0H21,
  author    = {Daniel Wladdimiro and
               Luciana Arantes and
               Pierre Sens and
               Nicolas Hidalgo},
  title     = {A Multi-Metric Adaptive Stream Processing System},
  booktitle = {{NCA}},
  pages     = {1--8},
  publisher = {{IEEE}},
  year      = {2021}
}

@inproceedings{AbdullahIZ17a,
  author    = {Mohammad Fikry Abdullah and
               Mardhiah Ibrahim and
               Harlisa Zulkifli},
  title     = {Big Data Analytics Framework for Natural Disaster Management in Malaysia},
  booktitle = {IoTBDS},
  pages     = {406--411},
  publisher = {SciTePress},
  year      = {2017}
}


@inproceedings{toshniwal2014storm,
  title={Storm@ Twitter},
  author={Toshniwal, Ankit and Taneja, Siddarth and Shukla, Amit and Ramasamy, Karthik and Patel, Jignesh M and Kulkarni, Sanjeev and Jackson, Jason and Gade, Krishna and Fu, Maosong and Donham, Jake and others},
  booktitle={Proceedings of the 2014 ACM SIGMOD international conference on Management of data},
  pages={147--156},
  year={2014},
  organization={ACM}
}

@inproceedings{WladdimiroA0H21,
  author    = {Daniel Wladdimiro and
               Luciana Arantes and
               Pierre Sens and
               Nicolas Hidalgo},
  title     = {A Multi-Metric Adaptive Stream Processing System},
  booktitle = {{NCA}},
  pages     = {1--8},
  publisher = {{IEEE}},
  year      = {2021}
}

@article{KombiLLRB19,
  author    = {Roland Kotto Kombi and
               Nicolas Lumineau and
               Philippe Lamarre and
               Nicolo Rivetti and
               Yann Busnel},
  title     = {DABS-Storm: {A} Data-Aware Approach for Elastic Stream Processing},
  journal   = {Trans. Large Scale Data Knowl. Centered Syst.},
  volume    = {40},
  pages     = {58--93},
  year      = {2019}
}

@inproceedings{MontazeriShatoori20,
  author    = {Mohammadreza MontazeriShatoori and
               Logan Davidson and
               Gurdip Kaur and
               Arash Habibi Lashkari},
  title     = {Detection of DoH Tunnels using Time-series Classification of Encrypted
               Traffic},
  booktitle = {{IEEE} Intl Conf on Dependable, Autonomic and Secure Computing, Intl
               Conf on Pervasive Intelligence and Computing, Intl Conf on Cloud and
               Big Data Computing, Intl Conf on Cyber Science and Technology Congress,
               DASC/PiCom/CBDCom/CyberSciTech 2020, Calgary, AB, Canada, August 17-22,
               2020},
  pages     = {63--70},
  publisher = {{IEEE}},
  year      = {2020}
}


@data{PXF2CU2020,
	author = {Gruzd, Anatoliy and Mai, Philip},
	publisher = {Scholars Portal Dataverse},
	title = {{COVID-19 Twitter Dataset}},
	year = {2020},
	version = {V2},
    doi = {10.5683/SP2/PXF2CU},
    url = {https://doi.org/10.5683/SP2/PXF2CU}
}

@article{KahveciG20,
  author    = {Basri Kahveci and
               Bugra Gedik},
  title     = {Joker: Elastic stream processing with organic adaptation},
  journal   = {J. Parallel Distributed Comput.},
  volume    = {137},
  pages     = {205--223},
  year      = {2020}
}

@inproceedings{BalkesenTO13,
  author    = {Cagri Balkesen and
               Nesime Tatbul and
               M. Tamer {\"{O}}zsu},
  title     = {Adaptive input admission and management for parallel stream processing},
  booktitle = {{DEBS}},
  pages     = {15--26},
  publisher = {{ACM}},
  year      = {2013}
}

@inproceedings{AbadiABCCHLMRRTXZ05,
  author    = {Daniel J. Abadi and
               Yanif Ahmad and
               Magdalena Balazinska and
               Ugur {\c{C}}etintemel and
               Mitch Cherniack and
               Jeong{-}Hyon Hwang and
               Wolfgang Lindner and
               Anurag Maskey and
               Alex Rasin and
               Esther Ryvkina and
               Nesime Tatbul and
               Ying Xing and
               Stanley B. Zdonik},
  title     = {The Design of the Borealis Stream Processing Engine},
  booktitle = {{CIDR}},
  pages     = {277--289},
  publisher = {www.cidrdb.org},
  year      = {2005}
}

@inproceedings{KumbhareSP14,
  author    = {Alok Gautam Kumbhare and
               Yogesh Simmhan and
               Viktor K. Prasanna},
  title     = {PLAStiCC: Predictive Look-Ahead Scheduling for Continuous Dataflows
               on Clouds},
  booktitle = {{CCGRID}},
  pages     = {344--353},
  publisher = {{IEEE} Computer Society},
  year      = {2014}
}

@article{Calheiros2009CloudSim,
  author    = {Rodrigo N. Calheiros and
               Rajiv Ranjan and
               C{\'{e}}sar A. F. De Rose and
               Rajkumar Buyya},
  title     = {CloudSim: {A} Novel Framework for Modeling and Simulation of Cloud
               Computing Infrastructures and Services},
  journal   = {CoRR},
  volume    = {abs/0903.2525},
  year      = {2009}
}

@article{MencagliTD18,
  author    = {Gabriele Mencagli and
               Massimo Torquati and
               Marco Danelutto},
  title     = {Elastic-PPQ: {A} two-level autonomic system for spatial preference
               query processing over dynamic data streams},
  journal   = {Future Gener. Comput. Syst.},
  volume    = {79},
  pages     = {862--877},
  year      = {2018}
}

@article{aldinucci2017fastflow,
  title={Fastflow: high-level and efficient streaming on multi-core},
  author={Aldinucci, Marco and Danelutto, Marco and Kilpatrick, Peter and Torquati, Massimo},
  journal={Programming multi-core and many-core computing systems, parallel and distributed computing},
  year={2017}
}

@inproceedings{RussoCCP21,
  author    = {Gabriele Russo Russo and
               Valeria Cardellini and
               Giuliano Casale and
               Francesco Lo Presti},
  title     = {{MEAD:} Model-Based Vertical Auto-Scaling for Data Stream Processing},
  booktitle = {{CCGRID}},
  pages     = {314--323},
  publisher = {{IEEE}},
  year      = {2021}
}

@article{CarboneKEMHT15,
  author    = {Paris Carbone and
               Asterios Katsifodimos and
               Stephan Ewen and
               Volker Markl and
               Seif Haridi and
               Kostas Tzoumas},
  title     = {Apache Flink{\texttrademark}: Stream and Batch Processing in a Single
               Engine},
  journal   = {{IEEE} Data Eng. Bull.},
  volume    = {38},
  number    = {4},
  pages     = {28--38},
  year      = {2015}
}

@inproceedings{FernandezMKP13Scale,
  author    = {Raul Castro Fernandez and
               Matteo Migliavacca and
               Evangelia Kalyvianaki and
               Peter R. Pietzuch},
  title     = {Integrating scale out and fault tolerance in stream processing using
               operator state management},
  booktitle = {{SIGMOD} Conference},
  pages     = {725--736},
  publisher = {{ACM}},
  year      = {2013}
}



@inproceedings{BodikFFJP10,
  author    = {Peter Bod{\'{\i}}k and
               Armando Fox and
               Michael J. Franklin and
               Michael I. Jordan and
               David A. Patterson},
  title     = {Characterizing, modeling, and generating workload spikes for stateful
               services},
  booktitle = {SoCC},
  pages     = {241--252},
  publisher = {{ACM}},
  year      = {2010}
}

@book{bookTanenbaum,
  author    = {Andrew S. Tanenbaum and
               Maarten van Steen},
  title     = {Distributed {S}ystems - {P}rinciples and paradigms},
  year      = {2007},
  publisher = {Pearson Education},
  isbn      = {978-0-13-239227-3}
}

@book{Menin2002SMH,
 author = {Eyal Menin},
 title = {The Streaming Media Handbook},
 year = {2002},
 publisher = {Pearson Education},
}

@inproceedings{HawwashN14,
author = {Basheer Hawwash and Olfa Nasraoui},
title = {From Tweets to Stories: Using Stream-Dashboard to weave the twitter data stream into dynamic cluster models},
booktitle = {Proceedings of the 3rd International Workshop on Big Data, Streams and Heterogeneous Source Mining: Algorithms, Systems, Programming Models and Applications, BigMine 2014, New York City, USA, Agosto 24, 2014},
year = {2014},
pages = {182--197}
}

@article{Shahrivari14,
  author    = {Saeed Shahrivari},
  title     = {Beyond Batch Processing: Towards Real-Time and Streaming Big Data},
  journal   = {Computing Research Repository},
  year      = {2014},
  volume    = {abs/1403.3375}
}

@inproceedings{AppelFFB12,
  author    = {Stefan Appel and
               Sebastian Frischbier and
               Tobias Freudenreich and
               Alejandro P. Buchmann},
  title     = {Eventlets: Components for the integration of event streams with {SOA}},
  booktitle = {2012 Fifth {IEEE} International Conference on Service-Oriented Computing
               and Applications (SOCA), Taipei, Taiwan, Diciembre 17-19, 2012},
  year      = {2012},
  pages     = {1--9}
}



@inproceedings{KarimovRKSHM18,
  author    = {Jeyhun Karimov and
               Tilmann Rabl and
               Asterios Katsifodimos and
               Roman Samarev and
               Henri Heiskanen and
               Volker Markl},
  title     = {Benchmarking Distributed Stream Data Processing Systems},
  booktitle = {34th {IEEE} International Conference on Data Engineering, {ICDE} 2018,
               Paris, France, April 16-19, 2018},
  pages     = {1507--1518},
  publisher = {{IEEE} Computer Society},
  year      = {2018},
  url       = {https://doi.org/10.1109/ICDE.2018.00169},
  doi       = {10.1109/ICDE.2018.00169}
}



@inproceedings{SatzgerHLD11,
  author       = {Benjamin Satzger and
                  Waldemar Hummer and
                  Philipp Leitner and
                  Schahram Dustdar},
  title        = {Esc: Towards an Elastic Stream Computing Platform for the Cloud},
  booktitle    = {{IEEE} {CLOUD}},
  pages        = {348--355},
  publisher    = {{IEEE} Computer Society},
  year         = {2011}
}


@inproceedings{AlvesBM10,
  author       = {David Alves and
                  Pedro Bizarro and
                  Paulo Marques},
  title        = {Flood: elastic streaming MapReduce},
  booktitle    = {{DEBS}},
  pages        = {113--114},
  publisher    = {{ACM}},
  year         = {2010}
}



@book{amazonec2,
  author       = {James Murty},
  title        = {Programming Amazon web services - S3, EC2, SQS, FPS, and SimpleDB:
                  outsource your infrastructure},
  publisher    = {O'Reilly},
  year         = {2008}
}



@article{BorkowskiHS19,
  author       = {Michael Borkowski and
                  Christoph Hochreiner and
                  Stefan Schulte},
  title        = {Minimizing Cost by Reducing Scaling Operations in Distributed Stream
                  Processing},
  journal      = {Proc. {VLDB} Endow.},
  volume       = {12},
  number       = {7},
  pages        = {724--737},
  year         = {2019}
}



@inproceedings{GongGW10,
  author       = {Zhenhuan Gong and
                  Xiaohui Gu and
                  John Wilkes},
  title        = {{PRESS:} PRedictive Elastic ReSource Scaling for cloud systems},
  booktitle    = {{CNSM}},
  pages        = {9--16},
  publisher    = {{IEEE}},
  year         = {2010}
}



@inproceedings{NguyenSGSW13,
  author       = {Hiep Nguyen and
                  Zhiming Shen and
                  Xiaohui Gu and
                  Sethuraman Subbiah and
                  John Wilkes},
  title        = {{AGILE:} Elastic Distributed Resource Scaling for Infrastructure-as-a-Service},
  booktitle    = {{ICAC}},
  pages        = {69--82},
  publisher    = {{USENIX} Association},
  year         = {2013}
}

@book{nussbaumer1982fast,
  title={The fast Fourier transform},
  author={Nussbaumer, Henri J and Nussbaumer, Henri J},
  year={1982},
  publisher={Springer}
}



@inproceedings{MadsenTZ14,
  author       = {Kasper Grud Skat Madsen and
                  Philip Thyssen and
                  Yongluan Zhou},
  title        = {Integrating fault-tolerance and elasticity in a distributed data stream
                  processing system},
  booktitle    = {{SSDBM}},
  pages        = {48:1--48:4},
  publisher    = {{ACM}},
  year         = {2014}
}



@inproceedings{MadsenZS16,
  author       = {Kasper Grud Skat Madsen and
                  Yongluan Zhou and
                  Li Su},
  title        = {Enorm: efficient window-based computation in large-scale distributed
                  stream processing systems},
  booktitle    = {{DEBS}},
  pages        = {37--48},
  publisher    = {{ACM}},
  year         = {2016}
}




@inproceedings{HeinzeJHF14,
  author       = {Thomas Heinze and
                  Zbigniew Jerzak and
                  Gregor Hackenbroich and
                  Christof Fetzer},
  title        = {Latency-aware elastic scaling for distributed data stream processing systems},
  booktitle    = {{DEBS}},
  pages        = {13--22},
  publisher    = {{ACM}},
  year         = {2014}
}



@inproceedings{NikraveshAL14,
  author       = {Ali Yadavar Nikravesh and
                  Samuel A. Ajila and
                  Chung{-}Horng Lung},
  title        = {Cloud Resource Auto-scaling System Based on Hidden Markov Model {(HMM)}},
  booktitle    = {{ICSC}},
  pages        = {124--127},
  publisher    = {{IEEE} Computer Society},
  year         = {2014}
}



@article{SilvaFBHCG13,
  author       = {Jonathan de Andrade Silva and
                  Elaine R. Faria and
                  Rodrigo C. Barros and
                  Eduardo R. Hruschka and
                  Andr{\'{e}} Carlos Ponce de Leon Ferreira de Carvalho and
                  Jo{\~{a}}o Gama},
  title        = {Data stream clustering: {A} survey},
  journal      = {{ACM} Comput. Surv.},
  volume       = {46},
  number       = {1},
  pages        = {13:1--13:31},
  year         = {2013}
}

@inproceedings{Katsifodimos2016Flink,
  author       = {Asterios Katsifodimos and
                  Sebastian Schelter},
  title        = {Apache Flink: Stream Analytics at Scale},
  booktitle    = {{IC2E} Workshops},
  pages        = {193},
  publisher    = {{IEEE} Computer Society},
  year         = {2016}
}


@incollection{GundabattulaW19,
  author       = {Ananth Gundabattula and
                  Thomas Weise},
  title        = {Apache Apex},
  booktitle    = {Encyclopedia of Big Data Technologies},
  publisher    = {Springer},
  year         = {2019}
}

@article{HidalgoCR17,
  author    = {Nicolas Hidalgo and
               Daniel Wladdimiro and
               Erika Rosas},
  title     = {Self-adaptive processing graph with operator fission for elastic stream
               processing},
  journal   = {Journal of Systems and Software},
  volume    = {127},
  pages     = {205--216},
  year      = {2017}
}

@article{LogsPaper,
  author       = {Shilin He and
                  Jieming Zhu and
                  Pinjia He and
                  Michael R. Lyu},
  title        = {Loghub: {A} Large Collection of System Log Datasets towards Automated
                  Log Analytics},
  journal      = {CoRR},
  volume       = {abs/2008.06448},
  year         = {2020},
  url          = {https://arxiv.org/abs/2008.06448},
  eprinttype    = {arXiv},
  eprint       = {2008.06448}
}

@inproceedings{DRivettiQABS15,
  author       = {Nicolo Rivetti and
                  Leonardo Querzoni and
                  Emmanuelle Anceaume and
                  Yann Busnel and
                  Bruno Sericola},
  editor       = {Frank Eliassen and
                  Roman Vitenberg},
  title        = {Efficient key grouping for near-optimal load balancing in stream processing
                  systems},
  booktitle    = {Proceedings of the 9th {ACM} International Conference on Distributed
                  Event-Based Systems, {DEBS} '15, Oslo, Norway, June 29 - July 3, 2015},
  pages        = {80--91},
  publisher    = {{ACM}},
  year         = {2015}
}



@inproceedings{WladdimiroICTDM2016,
  author       = {Daniel Wladdimiro and
                  Pablo Gonzalez Cantergiani and
                  Nicolas Hidalgo and
                  Erika Rosas},
  title        = {Disaster management platform to support real-time analytics},
  booktitle    = {3rd International Conference on Information and Communication Technologies
                  for Disaster Management, {ICT-DM} 2016, Vienna, Austria, December
                  13-15},
  pages        = {1--8},
  publisher    = {{IEEE}},
  year         = {2016},
  url          = {https://doi.org/10.1109/ICT-DM.2016.7857207},
  doi          = {10.1109/ICT-DM.2016.7857207}
}



@inproceedings{DingWPXL17,
  author       = {Wencheng Ding and
                  Hongya Wang and
                  Nan Peng and
                  Yingyuan Xiao and
                  Zhenyu Liu},
  title        = {Stock Technical Analysis System Based on Real-Time Stream Processing},
  booktitle    = {10th International Symposium on Computational Intelligence and Design,
                  {ISCID} 2017, Hangzhou, China, December 9-10, 2017 - Volume 2},
  pages        = {373--377},
  publisher    = {{IEEE}},
  year         = {2017},
  url          = {https://doi.org/10.1109/ISCID.2017.218},
  doi          = {10.1109/ISCID.2017.218}
}

@INPROCEEDINGS{Zhao8230279,
  author={Zhao, Jingfen and Zhang, Peng and Sun, Yong and Liu, Qingyun and Tan, Guolin and Li, Zhengmin},
  booktitle={2017 IEEE 9th International Conference on Communication Software and Networks (ICCSN)}, 
  title={A high throughput distributed log stream processing system for network security analysis}, 
  year={2017},
  volume={},
  number={},
  pages={1092-1096},
  doi={10.1109/ICCSN.2017.8230279}
}

@inproceedings{OzalRT11,
  author       = {Asli {\"{O}}zal and
                  Anand Ranganathan and
                  Nesime Tatbul},
  title        = {Real-time route planning with stream processing systems: a case study
                  for the city of Lucerne},
  booktitle    = {{GIS-IWGS}},
  pages        = {21--28},
  publisher    = {{ACM}},
  year         = {2011}
}



@article{DeanG08,
  author       = {Jeffrey Dean and
                  Sanjay Ghemawat},
  title        = {MapReduce: simplified data processing on large clusters},
  journal      = {Commun. {ACM}},
  volume       = {51},
  number       = {1},
  pages        = {107--113},
  year         = {2008},
  url          = {https://doi.org/10.1145/1327452.1327492},
  doi          = {10.1145/1327452.1327492}
}



@article{CasadoY15,
  author       = {Rub{\'{e}}n Casado and
                  Muhammad Younas},
  title        = {Emerging trends and technologies in big data processing},
  journal      = {Concurr. Comput. Pract. Exp.},
  volume       = {27},
  number       = {8},
  pages        = {2078--2091},
  year         = {2015},
  url          = {https://doi.org/10.1002/cpe.3398},
  doi          = {10.1002/CPE.3398}
}

@article{NEWMAN2016591,
title = {Web 2.0—The past and the future},
journal = {International Journal of Information Management},
volume = {36},
number = {4},
pages = {591-598},
year = {2016},
issn = {0268-4012},
doi = {https://doi.org/10.1016/j.ijinfomgt.2016.03.010},
url = {https://www.sciencedirect.com/science/article/pii/S0268401216301712},
author = {Russell Newman and Victor Chang and Robert John Walters and Gary Brian Wills},
keywords = {Web 2.0, Web 3.0}
}

@techreport{ibm2005architectural,
  added-at = {2016-04-13T15:33:58.000+0200},
  biburl = {https://www.bibsonomy.org/bibtex/2b8236ca7e0787b8444b6a68afe438b85/bazza030},
  editor = {IBM},
  institution = {IBM},
  keywords = {Autonomic Computing, IBM},
  month = jun,
  title = {An Architectural Blueprint for Autonomic Computing},
  year = 2005
}

@article{ShuklaCS17,
  author    = {Anshu Shukla and
               Shilpa Chaturvedi and
               Yogesh Simmhan},
  title     = {RIoTBench: An IoT benchmark for distributed stream processing systems},
  journal   = {Concurr. Comput. Pract. Exp.},
  volume    = {29},
  number    = {21},
  year      = {2017}
}

@inproceedings{ArasuCGMMRST04,
  author    = {Arvind Arasu and
               Mitch Cherniack and
               Eduardo F. Galvez and
               David Maier and
               Anurag Maskey and
               Esther Ryvkina and
               Michael Stonebraker and
               Richard Tibbetts},
  title     = {Linear Road: {A} Stream Data Management Benchmark},
  booktitle = {{VLDB}},
  pages     = {480--491},
  publisher = {Morgan Kaufmann},
  year      = {2004}
}


@book{winters2017practical,
  title={Practical predictive analytics},
  author={Winters, Ralph},
  year={2017},
  publisher={Packt Publishing Ltd}
}
